%% This is a collection of stubs of the most frequently used bibtex entries
%% with the required fields. Please refer to BibTeX/BibLaTeX docs for
%% additional details.
%% http://biblatex-biber.sourceforge.net/

%% An article from a journal or magazine.
@inproceedings{saito2020pifuhd,
  title={PIFuHD: Multi-Level Pixel-Aligned Implicit Function for High-Resolution 3D Human Digitization},
  author={Saito, Shunsuke and Simon, Tomas and Saragih, Jason and Joo, Hanbyul},
  booktitle={CVPR},
  year={2020}
}

%% A book with an explicit publisher.
@article{DSM,
author = {Zheng, Zhi and Luo, Yimin and Yanfeng, Zhang and Wu, Jun and Peng, Zhiyong},
year = {2019},
month = {10},
pages = {765-775},
title = {A CNN-Based Subpixel Level DSM Generation Approach via Single Image Super-Resolution},
volume = {85},
journal = {Photogrammetric Engineering and Remote Sensing},
doi = {10.14358/PERS.85.10.765}
}

%% The same as inproceedings
@conference{book1,
  author    = "Royal Society of London",
  title     = "Philosophical Transactions",
  booktitle = "Royal Society of London",
  number    = 128,
  year      = 1838
}
    
%% An article in a conference proceedings.
@article{super,
author = {Funk, Nils and Tarrio, Juan and Papatheodorou, Sotiris and Popovic, Marija and Alcantarilla, Pablo and Leutenegger, Stefan},
year = {2021},
month = {02},
pages = {1-1},
title = {Multi-Resolution 3D Mapping With Explicit Free Space Representation for Fast and Accurate Mobile Robot Motion Planning},
volume = {PP},
journal = {IEEE Robotics and Automation Letters},
doi = {10.1109/LRA.2021.3061989}
}
